\
@article{OeSHP2014,
  author  = {Tomas Oliveira e Silva and Siegfried Herzog and Silvio Pardi},
  title   = {Empirical verification of the even Goldbach conjecture and computation of prime gaps up to 4*10^{18}},
  journal = {Mathematics of Computation},
  volume  = {83},
  number  = {288},
  pages   = {2033--2060},
  year    = {2014},
  doi     = {10.1090/S0025-5718-2013-02787-1}
}
@article{BMOR2018,
  author  = {Michael A. Bennett and Greg Martin and Kevin O'Bryant and Andrew Rechnitzer},
  title   = {Explicit bounds for primes in arithmetic progressions},
  journal = {Illinois Journal of Mathematics},
  volume  = {62},
  number  = {1-4},
  pages   = {427--532},
  year    = {2018},
  doi     = {10.1215/ijm/1552442669}
}
@article{Platt2016,
  author  = {David J. Platt},
  title   = {Numerical computations concerning the GRH},
  journal = {Mathematics of Computation},
  volume  = {85},
  number  = {302},
  pages   = {3009--3027},
  year    = {2016},
  doi     = {10.1090/mcom/3077}
}
